@misc{Langenkamp2015,
  author       = "H. Langenkamp and C. Lietzau",
  title        = "Anatomium {3D}",
  howpublished = "21st Century Solutions Ltd",
  year         = "2015",
  note         = "Gibraltar, United Kingdom"
}

@InProceedings{Meneses2016,
author="Meneses, L. D. M.
and Brito, P. F.
and Rocha, B. M.
and Santos, R. W.
and Queiroz, R. A. B.",
editor="Torres, Isnardo
and Bustamante, John
and Sierra, Daniel A.",
title="Construction of arterial networks considering a power law with exponent dependent on bifurcation level",
booktitle="VII Latin American Congress on Biomedical Engineering CLAIB 2016, Bucaramanga, Santander, Colombia, October 26th -28th, 2016",
year="2017",
publisher="Springer Singapore",
address="Singapore",
pages="545--548",
isbn="978-981-10-4086-3"
}

@InProceedings{Brito2016,
author="Brito, P. F.
and Meneses, L. D. M.
and Rocha, B. M.
and Santos, R. W.
and Queiroz, R. A. B.",
editor="Torres, Isnardo
and Bustamante, John
and Sierra, Daniel A.",
title="Construction of arterial networks considering the Fahraeus-Lindqvist effect",
booktitle="VII Latin American Congress on Biomedical Engineering CLAIB 2016, Bucaramanga, Santander, Colombia, October 26th -28th, 2016",
year="2017",
publisher="Springer Singapore",
address="Singapore",
pages="277--280",
isbn="978-981-10-4086-3"
}

@article{West1997,
  title={A general model for the origin of allometric scaling laws in biology},
  author={West, Geoffrey B and Brown, James H and Enquist, Brian J},
  journal={Science},
  volume={276},
  number={5309},
  pages={122--126},
  year={1997},
  publisher={American Association for the Advancement of Science}
}


@ARTICLE{Ulysses2018,
  author={Ulysses, Jesuliana N. and Berg, Lucas A. and Cherry, Elizabeth M. and Liu, Ben R. and Santos, Rodrigo W. dos and de Barros, Bruno G. and Rocha, Bernardo M. and de Queiroz, Rafael A. B.},
  journal={IEEE Transactions on Biomedical Engineering}, 
  title={An Optimization-Based Algorithm for the Construction of Cardiac Purkinje Network Models}, 
  year={2018},
  volume={65},
  number={12},
  pages={2760-2768},
  doi={10.1109/TBME.2018.2815504}
}


@PhdThesis{Brito2021,
  author = {Patrícia Fonseca Brito},
  title = {Um algoritmo baseado em otimização para construção de modelos de árvores arteriais com nexo em hemodinâmica computacional},
  school = {Pós-graduação em Modelagem Computacional -- UFJF},
  address = {Juiz de Fora},
  year = {2021},
  type = {{PhD} tese},
}

@InProceedings{Saito2009,
author={M Saito and M Matsumoto},
editor={Pierre L' Ecuyer and Art B. Owen},
title={A {PRNG} Specialized in Double Precision Floating Point Numbers Using an Affine Transition},
booktitle={Monte Carlo and Quasi-Monte Carlo Methods 2008},
year={2009},
publisher={Springer Berlin Heidelberg},
address={Berlin, Heidelberg},
pages={589--602},
abstract={We propose a pseudorandom number generator specialized to generate double precision floating point numbers. It generates 52-bit pseudorandom patterns supplemented by a constant most significant 12 bits (sign and exponent), so that the concatenated 64 bits represents a floating point number obeying the IEEE 754 format. To keep the constant part, we adopt an affine transition function instead of the usual {\$}{\backslash}mathbb{\{}F{\}}{\_}{\{}2{\}}{\$}-linear transition, and extend algorithms computing the period and the dimensions of equidistribution to the affine case. The resulted generator generates double precision floating point numbers faster than the Mersenne Twister, whoes output numbers only have 32-bit precision.},
isbn={978-3-642-04107-5}
}

@inproceedings{Muller2008,
author = {Bert M{\"u}ller and Sabrina Lang and Marco Dominietto and Markus Rudin and Georg Schulz and Hans Deyhle and Marco Germann and Franz Pfeiffer and Christian David and Timm Weitkamp},
title = {{High-resolution tomographic imaging of microvessels}},
volume = {7078},
booktitle = {Developments in X-Ray Tomography VI},
editor = {Stuart R. Stock},
organization = {International Society for Optics and Photonics},
publisher = {SPIE},
pages = {70780B},
keywords = {post mortem imaging, micro computed tomography, blood vessel staining, vessel formation, tumor growth modeling, x-ray phase contrast, microtomography},
year = {2008},
doi = {10.1117/12.794157},
URL = {https://doi.org/10.1117/12.794157}
}

@incollection{Aurenhammer2004,
  author      = {F Aurenhammer and R Klein},
  title       = {Voronoi Diagrams},
  editor      = {J{\"o}rg-R{\"u}diger Sack and Jorge Urrutia},
  booktitle   = {Handbook of Computational Geometry},
  publisher   = {Elsevier},
  address     = {},
  year        = {2000},
  pages       = {201-290},
  chapter     = {5},
}

@article{Blanco2013,
  title={A computational approach to generate concurrent arterial networks in vascular territories},
  author={P J Blanco and R A B Queiroz and R A Feij{\'o}o},
  journal={International Journal for Numerical Methods in Biomedical Engineering},
  volume={29},
  number={5},
  pages={601--614},
  year={2013},
  publisher={Wiley Online Library}
}

@article{Queiroz2018,
  title={Automatic Construction of Vascular Arteriovenous Tree Geometric Model},
  author={R A B Queiroz and L C M Aquino},
  journal={Proceeding Series of the Brazilian Society of Computational and Applied Mathematics},
  volume={6},
  number={2},
  year={2018}
}

@article{Weld2005,
  title={Extrarenal vascular anatomy of kidney: assessment of variations and their relevance to partial nephrectomy},
  author={K J Weld and S B Bhayani and J Belani and C D Ames and G Hruby and J Landman},
  journal={Urology},
  volume={66},
  number={5},
  pages={985--989},
  year={2005},
  publisher={Elsevier}
}

@article{Satyapal2019,
  title={The renal veins: a review},
  author={K S Satyapal},
  journal={European Journal of Anatomy},
  volume={7},
  number={S1},
  pages={43--52},
  year={2019},
  publisher={European Journal of Anatomy}
}

@phdthesis{Queiroz2013,
    title    = {Constru\c c\~ao autom\'atica de modelos de \'arvores circulat\'orias e 
    suas aplica\c c\~oes em hemodin\^amica computacional},
    school   = {Laborat\'orio Nacional de Computa\c c\~ao Cient\'ifica -- LNCC},
    author   = {R A B Queiroz},
    year     = {2013},
    type = {{PhD} tese}
}

@techreport{Georg2010,
     title = {Global Constructive Optimization of Vascular Systems},
     number = {WUCSE-2010-11},
     author = {M Georg and T Preusser and H K Hahn},
     year = {2010},
     institution = {Washington University in St. Louis, Department of Computer Science \& Engineering},
     pages = {16},
     url = {http://openscholarship.wustl.edu/cse_research/36},
}%All Computer Science and Engineering Research

@book{Thompson1992,
  title={On Growth and Form},
  author={D'A W Thompson and J T Bonner},
  isbn={9780521437769},
  lccn={84045859},
  series={Cambridge paperbacks},
  year={1992},
  publisher={Cambridge University Press}
}

@article{Zamir1976,
  title={Optimality principles in arterial branching},
  author={M Zamir},
  journal={Journal of Theoretical Biology},
  volume={62},
  number={1},
  pages={227--251},
  year={1976},
  publisher={Elsevier}
}

@article{Goyal2013,
  title={Model-based vasculature extraction from optical fluorescence cryomicrotome images},
  author={A Goyal and J Lee and P Lamata and J Wijngaard and P Horssen and J Spaan and M Siebes and V Grau and N P Smith},
  journal={IEEE Transactions on Medical Imaging},
  volume={32},
  number={1},
  pages={56--72},
  year={2013},
  publisher={IEEE}
}

@article{Zamir1987,
  title={Segment analysis of human coronary arteries},
  author={M Zamir and H Chee},
  journal={Journal of Vascular Research},
  volume={24},
  number={1-2},
  pages={76--84},
  year={1987},
  publisher={Karger Publishers}
}

@article{Kamiya1972,
  title={Optimal branching structure of the vascular tree},
  author={A Kamiya and T Togawa},
  journal={The Bulletin of Mathematical Biophysics},
  volume={34},
  number={4},
  pages={431--438},
  year={1972},
  publisher={Springer}
}

@book{Cliff1976,
  title={Blood vessels},
  author={Cliff, Walter John},
  year={1976},
  isbn={9780521207539},
  publisher={Cambridge University Press}
}

@article{Van1989,
  title={Regional myocardial flow heterogeneity explained with fractal networks},
  author={J H V Beek and S A Roger and J B Bassingthwaighte},
  journal={American Journal of Physiology-Heart and Circulatory Physiology},
  volume={257},
  number={5},
  pages={H1670--H1680},
  year={1989},
  publisher={American Physiological Society Bethesda, MD}
}

@article{Sherman1981,
  title={On connecting large vessels to small. {T}he meaning of {M}urray's law.},
  author={T F Sherman},
  journal={The Journal of General Physiology},
  volume={78},
  number={4},
  pages={431--453},
  year={1981},
  publisher={Rockefeller University Press}
}


@book{Fung1996,
  title={Biomechanics: Circulation},
  author={Y C Fung},
  isbn={9780387943848},
  lccn={96011887},
  series={Plant Gene Research: Basic Knowledge},
  url={https://books.google.com.br/books?id=TlbXtdbT6D8C},
  year={1996},
  publisher={Springer New York}
}

@article{Murray1926,
  title={The physiological principle of minimum work: I. The vascular system and the cost of blood volume},
  author={C D Murray},
  journal={Proceedings of the National Academy of Sciences of the United States of America},
  volume={12},
  number={3},
  pages={207},
  year={1926},
  publisher={National Academy of Sciences}
}

@book{Ayachit2015,
  title={The paraview guide: a parallel visualization application},
  author={Ayachit, Utkarsh},
  year={2015},
  publisher={Kitware, Inc.}
}

@article{Jaquet2019,
  title={Generation of patient-specific cardiac vascular networks: a hybrid image-based and synthetic geometric model},
  author={C Jaquet and L Najman and H Talbot and Le Grady and M Schaap and B Spain and 
  H J Kim and I Vignon-Clementel and C A Taylor},
  journal={IEEE Transactions on Biomedical Engineering},
  volume={66},
  number={4},
  pages={946--955},
  year={2019},
  publisher={IEEE}
}

@inproceedings{Brito2017a,
  title={Construction of arterial networks considering the {F}ahraeus-{L}indqvist effect},
  author={P F Brito and L D M Meneses and B M Rocha and R W Santos and 
  R A B Queiroz},
  booktitle={VII Latin American Congress on Biomedical Engineering CLAIB 2016, Bucaramanga, Santander, Colombia, October 26th-28th, 2016},
  pages={277--280},
  year={2017},
  organization={Springer}
}

@inproceedings{Meneses2017,
  title={Construction of arterial networks considering a power law with exponent dependent on bifurcation level},
  author={L D M Meneses and P F Brito and B M Rocha and R W Santos and 
  R A B Queiroz},
  booktitle={VII Latin American Congress on Biomedical Engineering CLAIB 2016, Bucaramanga, Santander, Colombia, October 26th-28th, 2016},
  pages={545--548},
  year={2017},
  organization={Springer}
}

@article{Schreiner2006,
  title={Optimized arterial trees supplying hollow organs},
  author={W Schreiner and R Karch and M Neumann and F Neumann and P Szawlowski and 
  S Roedler},
  journal={Medical Engineering \& Physics},
  volume={28},
  number={5},
  pages={416--429},
  year={2006},
  publisher={Elsevier}
}

@article{Schreiner1993a,
  title={Computer generation of complex arterial tree models},
  author={W Schreiner},
  journal={Journal of Biomedical Engineering},
  volume={15},
  number={2},
  pages={148--150},
  year={1993},
  publisher={Elsevier}
}

@article{Schreiner1993b,
  title={Computer-optimization of vascular trees},
  author={W Schreiner and P F Buxbaum},
  journal={IEEE Transactions on Biomedical Engineering},
  volume={40},
  number={5},
  pages={482--491},
  year={1993},
  publisher={IEEE}
}

@article{Karch1999,
  title={A three-dimensional model for arterial tree representation, generated by constrained constructive optimization},
  author={R Karch and F Neumann and M Neumann and W Schreiner},
  journal={Computers in Biology and Medicine},
  volume={29},
  number={1},
  pages={19--38},
  year={1999},
  publisher={Elsevier}
}

@article{Yang2013,
  title={Design of vascular networks: A mathematical model approach},
  author={J Yang and Y Wang},
  journal={International Journal for Numerical Methods in Biomedical Engineering},
  volume={29},
  number={4},
  pages={515--529},
  year={2013},
  publisher={Wiley Online Library}
}

@article{Pelosi1987,
  title={Small artery occlusion: a theoretical approach to the definition of coronary architecture and resistance by a branching tree model},
  author={G Pelosi and G Saviozzi and M G Trivella and A L'Abbate},
  journal={Microvascular Research},
  volume={34},
  number={3},
  pages={318--335},
  year={1987},
  publisher={Elsevier}
}

@book{Hall2011,
   title =     {Tratado de Fisiologia M\'edica},
   author =    {J E Hall and A C Guyton},
   publisher = {Elsevier},
   isbn =      {978-85-352-3735-1},
   year =      {2011},
   city = {Rio de Janeiro},
   edition =   {12},
}

@article{starling1896,
  title={On the absorption of fluids from the connective tissue spaces},
  author={E H Starling},
  journal={The Journal of Physiology},
  volume={19},
  number={4},
  pages={312--326},
  year={1896},
  publisher={Wiley Online Library}
}

@article{Whitteridge1978,
  title = {{W}illiam {H}arvey on the circulation of the blood and on generation},
  journal = {The American Journal of Medicine},
  volume = {65},
  number = {6},
  pages = {888 - 890},
  year = {1978},
  issn = {0002-9343},
  doi = {https://doi.org/10.1016/0002-9343(78)90737-4},
  url = {http://www.sciencedirect.com/science/article/pii/0002934378907374},
  author = {G Whitteridge}
}

@article{vonHagens1987,
  author={G von Hagens and K Tiedemann and W Kriz},
  title={The current potential of plastination},
  journal={Anatomy and Embryology},
  year={1987},
  month={Mar},
  day={01},
  volume={175},
  number={4},
  pages={411--421},
  abstract={This review surveys the potential of plastination, a technique of tissue preservation introduced eight years ago. In this process, water and lipids in biological tissues are replaced by curable polymer which are subsequently hardened, resulting in dry, odorless and durable specimens. The procedure consists of the following steps-fixation, dehydration, forced impregnation in a vacuum, and hardening. The properties of the finished specimen are determined by the class of polymer used.},
  issn={1432-0568"},
  doi={10.1007/BF00309677},
  url={https://doi.org/10.1007/BF00309677}
}

@misc{Hales1733,
  title={Statical essays: containing haemastaticks. 1733 
  (reprinted No. 22, {H}istory of {M}edicine {S}eries, {L}ibrary of {N}ew {Y}ork {A}cademy of {M}edicine. {N}ew {Y}ork)},
  author={S Hales},
  year={1964},
  publisher={Hafner Publishing}
}

@article{Westerhof2009,
  author={N Westerhof and J-W Lankhaar and B E Westerhof},
  title={The arterial Windkessel},
  journal={Medical {\&} Biological Engineering {\&} Computing},
  year={2009},
  month={Feb},
  day={01},
  volume={47},
  number={2},
  pages={131--141},
  abstract={Frank's Windkessel model described the hemodynamics of the arterial system in terms of resistance and compliance. It explained aortic pressure decay in diastole, but fell short in systole. Therefore characteristic impedance was introduced as a third element of the Windkessel model. Characteristic impedance links the lumped Windkessel to transmission phenomena (e.g., wave travel). Windkessels are used as hydraulic load for isolated hearts and in studies of the entire circulation. Furthermore, they are used to estimate total arterial compliance from pressure and flow; several of these methods are reviewed. Windkessels describe the general features of the input impedance, with physiologically interpretable parameters. Since it is a lumped model it is not suitable for the assessment of spatially distributed phenomena and aspects of wave travel, but it is a simple and fairly accurate approximation of ventricular afterload.},
  issn={1741-0444},
  doi={10.1007/s11517-008-0359-2},
  url={https://doi.org/10.1007/s11517-008-0359-2}
}

@article{Kretowski2004,
  title={Computer modelling of vascular systems},
  author={M Kretowski and J B{\'e}zy-Wendling},
  journal={Task Quarterly},
  volume={8},
  number={2},
  pages={223--229},
  year={2004}
}